01REMESSA01COBRANCA       4262973757502000135                               748SICREDI        20170216        0000002                                                                                                                                                                                                                                                                                 2.00000001
1AAA            AAA                            172002898      20170216 N B        00000000000000            0135991250821003170000000010700         AN160217000000000000000001602170000000000000000000000000000000000000001000003599125082LUCIANE TERNUS                          RUA D, 098                              00000000000 9534000000000                                                       000002
1AAA            AAA                            172002901      20170216 N B        00000000000000            0135991250821004170000000010700         AN160217000000000000000001602170000000000000000000000000000000000000001000003599125082LUCIANE TERNUS                          RUA D, 098                              00000000000 9534000000000                                                       000003
1AAA            AAA                            172002910      20170216 N B        00000000000000            0135991250821005170000000010700         AN160217000000000000000001602170000000000000000000000000000000000000001000003599125082LUCIANE TERNUS                          RUA D, 098                              00000000000 9534000000000                                                       000004
1AAA            AAA                            172002928      20170216 N B        00000000000000            0135991250821006170000000010700         AN160217000000000000000001602170000000000000000000000000000000000000001000003599125082LUCIANE TERNUS                          RUA D, 098                              00000000000 9534000000000                                                       000005
1AAA            AAA                            172002936      20170216 N B        00000000000000            0135991250821007170000000010700         AN160217000000000000000001602170000000000000000000000000000000000000001000003599125082LUCIANE TERNUS                          RUA D, 098                              00000000000 9534000000000                                                       000006
1AAA            AAA                            172002944      20170216 N B        00000000000000            0135991250821008170000000010700         AN160217000000000000000001602170000000000000000000000000000000000000001000003599125082LUCIANE TERNUS                          RUA D, 098                              00000000000 9534000000000                                                       000007
1AAA            AAA                            172002952      20170216 N B        00000000000000            0135991250821009170000000010700         AN160217000000000000000001602170000000000000000000000000000000000000001000003599125082LUCIANE TERNUS                          RUA D, 098                              00000000000 9534000000000                                                       000008
1AAA            AAA                            172002960      20170216 N B        00000000000000            0135991250821010170000000010700         AN160217000000000000000001602170000000000000000000000000000000000000001000003599125082LUCIANE TERNUS                          RUA D, 098                              00000000000 9534000000000                                                       000009
1AAA            AAA                            172002979      20170216 N B        00000000000000            0135991250821011170000000010700         AN160217000000000000000001602170000000000000000000000000000000000000001000003599125082LUCIANE TERNUS                          RUA D, 098                              00000000000 9534000000000                                                       000010
1AAA            AAA                            172002987      20170216 N B        00000000000000            0135991250821012170000000010700         AN160217000000000000000001602170000000000000000000000000000000000000001000003599125082LUCIANE TERNUS                          RUA D, 098                              00000000000 9534000000000                                                       000011
1AAA            AAA                            172003010      20170216 N B        00000000000000            0126544089061003170000000005148         AN160217000000000000000001602170000000000000000000000000000000000000001000002654408906CLAUDETE ROSALEN                        RUA DAS ORQUIDEAS, 051                  00000000000 9535000000000                                                       000012
1AAA            AAA                            172003029      20170216 N B        00000000000000            0126544089061004170000000005148         AN160217000000000000000001602170000000000000000000000000000000000000001000002654408906CLAUDETE ROSALEN                        RUA DAS ORQUIDEAS, 051                  00000000000 9535000000000                                                       000013
1AAA            AAA                            172003037      20170216 N B        00000000000000            0109690001181003170000000014200         AN160217000000000000000001602170000000000000000000000000000000000000002001540969000118AUTO BASSANO LTDA                       RS 324 KM15,7, 000                      00000000000 9534000000000                                                       000014
1AAA            AAA                            172003045      20170216 N B        00000000000000            0109690001181004170000000014200         AN160217000000000000000001602170000000000000000000000000000000000000002001540969000118AUTO BASSANO LTDA                       RS 324 KM15,7, 000                      00000000000 9534000000000                                                       000015
1AAA            AAA                            172003053      20170216 N B        00000000000000            0109690001181005170000000014200         AN160217000000000000000001602170000000000000000000000000000000000000002001540969000118AUTO BASSANO LTDA                       RS 324 KM15,7, 000                      00000000000 9534000000000                                                       000016
1AAA            AAA                            172003061      20170216 N B        00000000000000            0109690001181006170000000014200         AN160217000000000000000001602170000000000000000000000000000000000000002001540969000118AUTO BASSANO LTDA                       RS 324 KM15,7, 000                      00000000000 9534000000000                                                       000017
1AAA            AAA                            172003070      20170216 N B        00000000000000            0109690001181007170000000014200         AN160217000000000000000001602170000000000000000000000000000000000000002001540969000118AUTO BASSANO LTDA                       RS 324 KM15,7, 000                      00000000000 9534000000000                                                       000018
1AAA            AAA                            172003088      20170216 N B        00000000000000            0109690001181008170000000014200         AN160217000000000000000001602170000000000000000000000000000000000000002001540969000118AUTO BASSANO LTDA                       RS 324 KM15,7, 000                      00000000000 9534000000000                                                       000019
1AAA            AAA                            172003096      20170216 N B        00000000000000            0109690001181009170000000014200         AN160217000000000000000001602170000000000000000000000000000000000000002001540969000118AUTO BASSANO LTDA                       RS 324 KM15,7, 000                      00000000000 9534000000000                                                       000020
1AAA            AAA                            172003100      20170216 N B        00000000000000            0109690001181010170000000014200         AN160217000000000000000001602170000000000000000000000000000000000000002001540969000118AUTO BASSANO LTDA                       RS 324 KM15,7, 000                      00000000000 9534000000000                                                       000021
1AAA            AAA                            172003126      20170216 N B        00000000000000            0128119810121203170000000023780         AN160217000000000000000001602170000000000000000000000000000000000000001000002811981012GABRIELA ALBAN                          AV. DOS IMIGRANTES, 311                 00000000000 9536500000000                                                       000022
1AAA            AAA                            172003134      20170216 N B        00000000000000            0128119810121204170000000023780         AN160217000000000000000001602170000000000000000000000000000000000000001000002811981012GABRIELA ALBAN                          AV. DOS IMIGRANTES, 311                 00000000000 9536500000000                                                       000023
1AAA            AAA                            172003142      20170216 N B        00000000000000            0128119810121205170000000023780         AN160217000000000000000001602170000000000000000000000000000000000000001000002811981012GABRIELA ALBAN                          AV. DOS IMIGRANTES, 311                 00000000000 9536500000000                                                       000024
1AAA            AAA                            172003150      20170216 N B        00000000000000            0128119810121206170000000023780         AN160217000000000000000001602170000000000000000000000000000000000000001000002811981012GABRIELA ALBAN                          AV. DOS IMIGRANTES, 311                 00000000000 9536500000000                                                       000025
1AAA            AAA                            172003169      20170216 N B        00000000000000            0128119810121207170000000023780         AN160217000000000000000001602170000000000000000000000000000000000000001000002811981012GABRIELA ALBAN                          AV. DOS IMIGRANTES, 311                 00000000000 9536500000000                                                       000026
1AAA            AAA                            172003177      20170216 N B        00000000000000            0128119810121208170000000011800         AN160217000000000000000001602170000000000000000000000000000000000000001000002811981012GABRIELA ALBAN                          AV. DOS IMIGRANTES, 311                 00000000000 9536500000000                                                       000027
1AAA            AAA                            172003185      20170216 N B        00000000000000            0128119810121209170000000011800         AN160217000000000000000001602170000000000000000000000000000000000000001000002811981012GABRIELA ALBAN                          AV. DOS IMIGRANTES, 311                 00000000000 9536500000000                                                       000028
1AAA            AAA                            172003193      20170216 N B        00000000000000            0128119810121210170000000011800         AN160217000000000000000001602170000000000000000000000000000000000000001000002811981012GABRIELA ALBAN                          AV. DOS IMIGRANTES, 311                 00000000000 9536500000000                                                       000029
1AAA            AAA                            172003207      20170216 N B        00000000000000            0128119810121211170000000011800         AN160217000000000000000001602170000000000000000000000000000000000000001000002811981012GABRIELA ALBAN                          AV. DOS IMIGRANTES, 311                 00000000000 9536500000000                                                       000030
1AAA            AAA                            172003223      20170216 N B        00000000000000            0128350060360803170000000025755         AN160217000000000000000001602170000000000000000000000000000000000000001000002835006036LEONARDO BENELLI                        LINHA SILVA JARDIM, 000                 00000000000 9534000000000                                                       000031
1AAA            AAA                            172003231      20170216 N B        00000000000000            0128350060360804170000000025755         AN160217000000000000000001602170000000000000000000000000000000000000001000002835006036LEONARDO BENELLI                        LINHA SILVA JARDIM, 000                 00000000000 9534000000000                                                       000032
1AAA            AAA                            172003240      20170216 N B        00000000000000            0128350060360805170000000025755         AN160217000000000000000001602170000000000000000000000000000000000000001000002835006036LEONARDO BENELLI                        LINHA SILVA JARDIM, 000                 00000000000 9534000000000                                                       000033
1AAA            AAA                            172003258      20170216 N B        00000000000000            0128350060360806170000000025755         AN160217000000000000000001602170000000000000000000000000000000000000001000002835006036LEONARDO BENELLI                        LINHA SILVA JARDIM, 000                 00000000000 9534000000000                                                       000034
1AAA            AAA                            172003266      20170216 N B        00000000000000            0128350060360807170000000025755         AN160217000000000000000001602170000000000000000000000000000000000000001000002835006036LEONARDO BENELLI                        LINHA SILVA JARDIM, 000                 00000000000 9534000000000                                                       000035
1AAA            AAA                            172003274      20170216 N B        00000000000000            0128350060360808170000000025755         AN160217000000000000000001602170000000000000000000000000000000000000001000002835006036LEONARDO BENELLI                        LINHA SILVA JARDIM, 000                 00000000000 9534000000000                                                       000036
1AAA            AAA                            172003282      20170216 N B        00000000000000            0128350060360809170000000025755         AN160217000000000000000001602170000000000000000000000000000000000000001000002835006036LEONARDO BENELLI                        LINHA SILVA JARDIM, 000                 00000000000 9534000000000                                                       000037
1AAA            AAA                            172003290      20170216 N B        00000000000000            0128350060360810170000000025755         AN160217000000000000000001602170000000000000000000000000000000000000001000002835006036LEONARDO BENELLI                        LINHA SILVA JARDIM, 000                 00000000000 9534000000000                                                       000038
1AAA            AAA                            172003304      20170216 N B        00000000000000            0128350060360811170000000025755         AN160217000000000000000001602170000000000000000000000000000000000000001000002835006036LEONARDO BENELLI                        LINHA SILVA JARDIM, 000                 00000000000 9534000000000                                                       000039
1AAA            AAA                            172003320      20170216 N B        00000000000000            0117359440921303170000000011495         AN160217000000000000000001602170000000000000000000000000000000000000001000001735944092VANDERLEIA FRANCISCO DOS SANTOS         RUA UM , 546                            00000000000 9534000000000                                                       000040
1AAA            AAA                            172003339      20170216 N B        00000000000000            0117359440921304170000000011495         AN160217000000000000000001602170000000000000000000000000000000000000001000001735944092VANDERLEIA FRANCISCO DOS SANTOS         RUA UM , 546                            00000000000 9534000000000                                                       000041
1AAA            AAA                            172003347      20170216 N B        00000000000000            0100320710000503170000000001300         AN160217000000000000000001602170000000000000000000000000000000000000001000090032071000RENAN TIAGO THOME                       AVENIDA 23 DE MAIO, 852                 00000000000 9534000000000                                                       000042
1AAA            AAA                            172003355      20170216 N B        00000000000000            0100320710000504170000000001300         AN160217000000000000000001602170000000000000000000000000000000000000001000090032071000RENAN TIAGO THOME                       AVENIDA 23 DE MAIO, 852                 00000000000 9534000000000                                                       000043
1AAA            AAA                            172003363      20170216 N B        00000000000000            0100320710000505170000000001300         AN160217000000000000000001602170000000000000000000000000000000000000001000090032071000RENAN TIAGO THOME                       AVENIDA 23 DE MAIO, 852                 00000000000 9534000000000                                                       000044
1AAA            AAA                            172003371      20170216 N B        00000000000000            0100320710000506170000000001300         AN160217000000000000000001602170000000000000000000000000000000000000001000090032071000RENAN TIAGO THOME                       AVENIDA 23 DE MAIO, 852                 00000000000 9534000000000                                                       000045
1AAA            AAA                            172003380      20170216 N B        00000000000000            0100320710000507170000000001300         AN160217000000000000000001602170000000000000000000000000000000000000001000090032071000RENAN TIAGO THOME                       AVENIDA 23 DE MAIO, 852                 00000000000 9534000000000                                                       000046
1AAA            AAA                            172003398      20170216 N B        00000000000000            0100320710000508170000000001300         AN160217000000000000000001602170000000000000000000000000000000000000001000090032071000RENAN TIAGO THOME                       AVENIDA 23 DE MAIO, 852                 00000000000 9534000000000                                                       000047
1AAA            AAA                            172003401      20170216 N B        00000000000000            0100320710000509170000000001300         AN160217000000000000000001602170000000000000000000000000000000000000001000090032071000RENAN TIAGO THOME                       AVENIDA 23 DE MAIO, 852                 00000000000 9534000000000                                                       000048
1AAA            AAA                            172003410      20170216 N B        00000000000000            0100320710000510170000000001300         AN160217000000000000000001602170000000000000000000000000000000000000001000090032071000RENAN TIAGO THOME                       AVENIDA 23 DE MAIO, 852                 00000000000 9534000000000                                                       000049
1AAA            AAA                            172003428      20170216 N B        00000000000000            0100320710000511170000000001300         AN160217000000000000000001602170000000000000000000000000000000000000001000090032071000RENAN TIAGO THOME                       AVENIDA 23 DE MAIO, 852                 00000000000 9534000000000                                                       000050
1AAA            AAA                            172003436      20170216 N B        00000000000000            0100320710000512170000000001300         AN160217000000000000000001602170000000000000000000000000000000000000001000090032071000RENAN TIAGO THOME                       AVENIDA 23 DE MAIO, 852                 00000000000 9534000000000                                                       000051
9174842629                                                                                                                                                                                                                                                                                                                                                                                                000052
