02RETORNO01COBRANCA       4262973757502000135                               748BANSICREDI     20170202        0000002                                                                                                                                                                                                                                                                                 1.00000001
1            C0000000000                       172002308                                                    06010217          COMPE                     0000000000100                                                              00000000000000000000000000000000000010000000000000000000000000000                          H5        20170214                                                          000002
1            C0000000000                       172002308                                                    28010217          COMPE                     0000000000250                                                              00000000000000000000000000000000000010000000000000000000000000000                          B3        20170201                                                          000003
9274842629                                                                                                                                                                                                                                                                                                                                                                                                000004
