02RETORNO01COBRANCA       4262973757502000135                               748BANSICREDI     20170210        0000004                                                                                                                                                                                                                                                                                 1.00000001
1            A008OY000002                      172000470                                                    060902176272692072COMPE               0207170000000012500         A000000000000000000000000000000000000000000000000000000000000000000000000000000000000001415800000000000000000000000000                          H50000000020170210                                                          000002
1            A008OY000002                      172000470                                                    280902176272692072                    0207170000000012500         A000000000025000000000000000000000000000000000000000000000000000000000000000000000000000025000000000000000000000000000                          B30000000020170209                                                          000003
9274842629                                                                                                                                                                                                                                                                                                                                                                                                000004
