02RETORNO01COBRANCA       4262973757502000135                               748BANSICREDI     20170127        0000001                                                                                                                                                                                                                                                                                 1.00000001
1            C0000000000                       172002308                                                    06260117          025902                    0000000000100                                                              00000000000000000000000000000000000010000000000000000000000000000                          00        20170208                                                          000002
1            C0000000000                       172002308                                                    28260117          025902                    0000000000250                                                              00000000000000000000000000000000000010000000000000000000000000000                          B3        20170126                                                          000003
1            C0000000000                       172000356                                                    06260117          COMPE                     0000000025967                                                              00000000000000000000000000000000002596700000000000000000000000000                          H5        20170208                                                          000004
1            C0000000000                       172000356                                                    28260117          COMPE                     0000000000250                                                              00000000000000000000000000000000002596700000000000000000000000000                          B3        20170126                                                          000005
9274842629                                                                                                                                                                                                                                                                                                                                                                                                000006
