02RETORNO01COBRANCA       4262973757502000135                               748BANSICREDI     20170215        0000005                                                                                                                                                                                                                                                                                 1.00000001
1            A008OV000002                      172000267                                                    061402170394161009COMPE               2010170000000015800         A000000000000000000000000000000000000000000000000000000000000000000000000000000000000000650000000000000000000000000000                          H50000000020170215                                                          000002
1            A008OV000002                      172000267                                                    281402170394161009                    2010170000000015800         A000000000025000000000000000000000000000000000000000000000000000000000000000000000000000025000000000000000000000000000                          B30000000020170214                                                          000003
9274842629                                                                                                                                                                                                                                                                                                                                                                                                000004
